%============ Bibliography Syntaxe ============%
%      Just follow examples written below      %
%==============================================%

@electronic{webArticle1,
 title         = "XtendPlex",
 url           = "https://www.xtendplex.com/",
 year          = "01/04/2020",
 note          = "[Accés le 01/04/2020]"
 
  
}

@electronic{webArticle2,
  title         = "image pour comprendre la méthode Agile Scrum",
  url           = "https://www.tuleap.org/fr/agile/comprendre-methode-agile-scrum-10-minutes/",
  year          = "02/04/2020",
  note          = "[Accès le 02/04/2020]"
}


@electronic{webArticle3,
  title         = "Méthodologie SCRUM",
  url           = "https://bit.ly/3gGSEQQ",
  year          = "02/04/2020",
  note          = "[Accès le 02/04/2020]"
}

@electronic{webArticle4,
  title         = "Bitbucket",
  url           = "https://fr.wikipedia.org/wiki/Bitbucket",
  year          = "25/04/2020",
  note          = "[Accès le 25/04/2020]"
}

@electronic{webArticle5,
  title         = "Bref aperçu de Jira",
  url           = "https://www.atlassian.com/fr/software/jira",
  year          = "25/04/2020",
  note          = "[Accès le 25/04/2020]"
}


@electronic{webArticle6,
  title         = "Quest-ce que Discord ",
  url           ="https://www.pocket-lint.com/fr-fr/applications/actualites/151534-quest-ce-que-la-discorde-et-comment-utiliser-lapplication-gratuite-de-chat-textuel-voip",
  year          = "25/04/2020",
  note          = "[Accès le 25/04/2020]"
}

@electronic{webArticle7,
  title         = "C’est quoi Angular ?",
  url           ="https://monpetitdev.fr/cest-quoi-angular-definition",
  year          = "25/04/2020",
  note          = "[Accès le 25/04/2020]"
}

@electronic{webArticle8,
  title         = "pring Framework",
  url           = "https://spring.io/projects/spring-framework",
  year          = "25/04/2020",
  note          = "[Accès le 25/04/2020]"
}

@electronic{webArticle9,
  title         = "Postman",
  url           ="https://blog.webnet.fr/presentation-de-postman-outil-multifonction-pour-api-web",
  year          = "26/04/2020",
  note          = "[Accès le 26/04/2020]"
}

@electronic{webArticle10,
  title         = "MySQL Database Service",
  url           ="https://www.mysql.com/fr",
  year          = "26/04/2020",
  note          = "[Accès le 26/04/2020]"
}

@electronic{webArticle11,
  title         = "Adobe XD",
  url           ="https://www.adobe.com/fr/products/xd.html",
  year          = "26/04/2020",
  note          = "[Accès le 26/04/2020]"
}

@electronic{webArticle12,
  title         = "présentation Jwt",
  url           ="https://www.ionos.fr/digitalguide/sites-internet/developpement-web/json-web-token-jwt/",
  year          = "26/04/2020",
  note          = "[Accès le 26/04/2020]"
}

@electronic{webArticle13,
  title         = "présentation spring security",
  url           ="https://www.invivoo.com/securiser-application-spring-boot-spring-security/",
  year          = "26/04/2020",
  note          = "[Accès le 26/04/2020]"
}

@electronic{webArticle14,
  title         = "Les modules Angular",
  url           ="https://www.learn-angular.fr/les-modules-angular/",
  year          = "26/04/2020",
  note          = "[Accès le 26/04/2020]"
}


@electronic{webArticle15,
  title         = "Architecture Angular",
  url           ="https://www.apcpedagogie.com/structure-et-architecture-dun-projet-angular/",
  year          = "14/06/2020",
  note          = "[Accès le 14/06/2020]"
}

@electronic{webArticle16,
  title         = "Patron singleton",
  url           ="https://www.refactoring.guru/fr/design-patterns/singleton",
  year          = "14/06/2020",
  note          = "[Accès le 14/06/2020]"
}

@electronic{webArticle17,
  title         = "Patron Etat",
  url           ="https://www.refactoring.guru/fr/design-patterns/state",
  year          = "14/06/2020",
  note          = "[Accès le 14/06/2020]"
}

@electronic{webArticle18,
  title         = "Patron Proxy",
  url           ="https://www.refactoring.guru/fr/design-patterns/proxy",
  year          = "15/06/2020",
  note          = "[Accès le 15/06/2020]"
}

@electronic{webArticle19,
  title         = "présentation Jwt",
  url           ="https://www.ionos.fr/digitalguide/sites-internet/developpement-web/json-web-token-jwt/",
  year          = "26/04/2020",
  note          = "[Accès le 26/04/2020]"
}

@electronic{webArticle20,
  title         = "présentation spring security",
  url           ="https://www.invivoo.com/securiser-application-spring-boot-spring-security/",
  year          = "26/04/2020",
  note          = "[Accès le 26/04/2020]"
}

%% You must use a backslash before special characters such as underscores, etc. in URLs
